@inproceedings{raab1999controlled,
  title={Controlled perturbation for arrangements of polyhedral surfaces with application to swept volumes},
  author={Raab, S.},
  booktitle={Proceedings of the fifteenth annual symposium on Computational geometry},
  pages={163--172},
  year={1999},
  organization={ACM}
}

