@inproceedings{van2001sf,
  title={The A sf+ S df Meta-environment: A Component-Based Language Development Environment},
  author={van den Brand, M. and van Deursen, A. and Heering, J. and de Jong, H. and de Jonge, M. and Kuipers, T. and Klint, P. and Moonen, L. and Olivier, P. and Scheerder, J. and others},
  booktitle={Compiler Construction},
  pages={365--370},
  year={2001},
  organization={Springer}
}

@article{klint1993meta,
  title={A meta-environment for generating programming environments},
  author={Klint, P.},
  journal={ACM Transactions on Software Engineering and Methodology (TOSEM)},
  volume={2},
  number={2},
  pages={176--201},
  year={1993},
  publisher={ACM}
}

@inproceedings{moonen2001generating,
  title={Generating robust parsers using island grammars},
  author={Moonen, L.},
  booktitle={Reverse Engineering, 2001. Proceedings. Eighth Working Conference on},
  pages={13--22},
  year={2001},
  organization={IEEE}
}

@article{heering1989syntax,
  title={The syntax definition formalism sdf—reference manual—},
  author={Heering, J. and Hendriks, P.R.H. and Klint, P. and Rekers, J.},
  journal={ACM Sigplan Notices},
  volume={24},
  number={11},
  pages={43--75},
  year={1989},
  publisher={ACM}
}

@article{visser2008webdsl,
  title={WebDSL: A case study in domain-specific language engineering},
  author={Visser, E.},
  journal={Generative and Transformational Techniques in Software Engineering II},
  pages={291--373},
  year={2008},
  publisher={Springer}
}

@article{klint2011easy,
  title={EASY Meta-programming with Rascal},
  author={Klint, P. and Van Der Storm, T. and Vinju, J.},
  journal={Generative and Transformational Techniques in Software Engineering III},
  pages={222--289},
  year={2011},
  publisher={Springer}
}

@unpublished{uiowa_gt,
title= {Grammar Tool (gt) User's Manual, Version 1},
author = {Meyer, JJ and Stump, Aaron},
year = {2012},
note = {University of Iowa CS (https://github.com/jjmeyer0/gt)}
}

@unpublished{noonan_grammar,
title= {Grammar Tools},
author = {Noonan, Robert},
year = {2004},
note = {Blah (http://www.cs.wm.edu/~noonan/Grammar/)}
}

@unpublished{ocamlyacc,
title= {The OCaml System Release 4.00 Documentation and User's Manual, },
author = {Leroy, Xavier and Doligez, Damien and Frisch, Alain and Garrigue, Jacques and Rémy, Didier and Vouillon, Jérôme},
year = {2012},
note = {http://caml.inria.fr/pub/docs/manual-ocaml/manual026.html}
}
